@article{esterel,
  title={The Esterel synchronous programming language: Design, semantics, implementation},
  author={Berry, G{\'e}rard and Gonthier, Georges},
  journal={Science of computer programming},
  volume={19},
  number={2},
  pages={87--152},
  year={1992},
  publisher={Elsevier}
}

@article{signal,
  title={Implementation of the data-flow synchronous language signal},
  author={Amagb{\'e}gnon, Pascalin and Besnard, Lo{\"\i}c and Le Guernic, Paul},
  journal={ACM SIGPLAN Notices},
  volume={30},
  number={6},
  pages={163--173},
  year={1995},
  publisher={ACM}
}
@inproceedings{sies,
    title = {Engineering Functional Requirements of Reactive Systems using Synchronous Languages },
    author = {Jahier, Erwan and Halbwachs, Nicolas and Raymond, Pascal},
    year = {2013},
    shortbooktitle = {SIES},
    booktitle = {Int. Symp. on Industrial Embedded Systems},
    address = {Porto, Portugal},
    team = {SYNC},
} 
@inproceedings{tacas,
    title = {Environment-Model Based Testing of Control Systems: Case Studies },
    author = {Jahier, Erwan and Djoko-Djoko, Simplice and Maiza, Chaouki and Lafont, Eric},
    month = {April},
    year = {2014},
    hidebooktitle = {TACAS},
    booktitle = {Int. Conf. on Tools and Algorithms for the Construction and Analysis of Systems},
    optbooktitle = {International Conference on Tools and Algorithms for the Construction and Analysis of Systems (TACAS 2014), Held as Part of ETAPS 2014.},
    address = {Grenoble},
    optpublisher = {LNCS},
    team = {SYNC},
} 

@article{RRJ08,
    title = { Lutin: a language for specifying and executing reactive scenarios },
    author = {Raymond, Pascal and Roux, Yvan and Jahier, Erwan},
    year = {2008},
    journal = {EURASIP Journal on Embedded Systems},
    team = {SYNC},
} 
@ARTICLE{lustre,
AUTHOR={N. Halbwachs and P. Caspi and P. Raymond and D. Pilaud},
TITLE={The synchronous dataflow programming language {L}ustre},
JOURNAL={Proceedings of the IEEE},
VOLUME={79},
NUMBER={9},
PAGES={1305-1320},
MONTH=sep ,
YEAR={1991}
}

@article{lurette,
   title = {Case Studies with Lurette V2},
   author = {Jahier, Erwan and Raymond, Pascal and Baufreton, Philippe},
   journal = {Software Tools for Technology Transfer},
   month = nov,
   number = {6},
   pages = {517--530},
   opturl = {http://www.springerlink.com/content/u02131123x856227/fulltext.pdf},
   volume = {8},
   team = {SYNC},
   year = {2006}
}
@inproceedings{jahier-cstva06,
   title = {Generating Random Values Using Binary Decision Diagrams and Convex Polyhedra},
   author = {Jahier, Erwan and Raymond, Pascal},
   booktitle = {CSTVA},
   longbooktitle = {Workshop on Constraints in Software Testing, Verification and Analysis (CSTVA'06)},
   address = {{N}antes, {F}rance},
   opturl = {http://www.irisa.fr/manifestations/2006/CSTVA06/},
   pdf = {http://www-verimag.imag.fr/~jahier/cstva06-jahier-raymond.pdf}, 
  team = {SYNC},
   year = {2006}
}
