%% This BibTeX bibliography file was created using BibDesk.
%% http://bibdesk.sourceforge.net/


%% Created for Jean Krivine at 2011-04-05 15:20:39 +0200


%% Saved with string encoding Unicode (UTF-8)



@inproceedings{DanosFFHK10,
	Author = {Vincent Danos and J\'er\^ome Feret and Walter Fontana and Russell Harmer and Jean Krivine},
	Booktitle = {IEEE Symposium LICS},
	Date-Added = {2011-04-05 15:15:27 +0200},
	Date-Modified = {2011-04-05 15:18:54 +0200},
	Pages = {362-381},
	Title = {Abstracting the differential semantics of rule-based models: exact and automated model reduction},
	Year = {2010}}

@inproceedings{JohnLNV11,
	Author = {{J}ohn, {M}athias and {L}houssaine, {C}{\'e}dric and {N}iehren, {J}oachim and {V}ersari, {C}ristian},
	Booktitle = {Proc. ESOP 2011},
	Date-Added = {2011-04-05 13:16:40 +0200},
	Date-Modified = {2011-04-05 13:19:21 +0200},
	Pages = {338-357},
	Series = {LNCS},
	Title = {Biochemical Reaction Rules with Constraints},
	Volume = {6602},
	Year = {2011}}

@techreport{DamgaardK09,
	Author = {Troels C. Damgaard and Jean Krivine},
	Date-Added = {2011-04-05 13:10:19 +0200},
	Date-Modified = {2011-04-05 13:11:18 +0200},
	Institution = {IT University of Copenhagen},
	Number = {115},
	Title = {A Generic Language for Biological Systems based on Bigraphs},
	Year = {2009}}

@inproceedings{Fontana08,
	Author = {Walter Fontana},
	Booktitle = {Proceedings of the 35th annual ACM SIGPLAN-SIGACT symposium on Principles of programming languages},
	Date-Added = {2011-04-04 20:03:51 +0200},
	Date-Modified = {2011-04-04 20:04:48 +0200},
	Title = {Systems biology, models, and concurrency},
	Year = {2008}}

@inproceedings{PaunR08,
	Author = {Gheorghe P\u{a}un and Francisco J. Romero-Campero},
	Booktitle = {Formal Methods for Computational Systems Biology},
	Date-Added = {2011-03-14 16:54:14 +0100},
	Date-Modified = {2011-03-14 16:56:22 +0100},
	Pages = {168-214},
	Series = {LNCS},
	Title = {Membrane computing as a modeling framework. Cellular systems case studies},
	Volume = {5016},
	Year = {2008}}

@inproceedings{AndreiK07,
	Author = {Oana Andrei and H{\'e}l{\`e}ne Kirchner},
	Booktitle = {Proc. SYNASC},
	Date-Added = {2011-03-14 16:49:01 +0100},
	Date-Modified = {2011-03-14 16:50:09 +0100},
	Title = {Graph Rewriting and Strategies for Modeling Biochemical Networks},
	Year = {2007}}

@article{Cardelli08,
	Author = {Luca Cardelli},
	Date-Added = {2011-03-11 17:59:26 +0100},
	Date-Modified = {2011-03-11 18:00:33 +0100},
	Journal = {Theoretical Computer Science},
	Number = {1-2},
	Title = {Bitonal Membrane Systems - Interactions of Biological Membranes},
	Volume = {404},
	Year = {2008}}

@inproceedings{CardelliP05,
	Author = {Luca Cardelli and Sylvain Pradalier},
	Booktitle = {Proc. of Concurrent Models in Molecular Biology (Bioconcur'05)},
	Date-Added = {2011-03-11 17:56:49 +0100},
	Date-Modified = {2011-03-11 17:57:39 +0100},
	Title = {Where Membranes Meet Complexes},
	Year = {2005}}

@inproceedings{DanosFFHK08,
	Author = {Vincent Danos and J\'er\^ome F\'eret and Walter Fontana and Russell Harmer},
	Booktitle = {Proc. FMSB},
	Date-Added = {2011-03-11 11:29:30 +0100},
	Date-Modified = {2011-03-11 11:31:50 +0100},
	Series = {LNCS},
	Title = {Rule Based modelling , Symmetries, Refinements},
	Volume = {5054},
	Year = {2008}}

@techreport{DamgaardDK09,
	Author = {Troels C. Damgaard and Vincent Danos and Jean Krivine},
	Date-Added = {2011-03-10 10:46:13 +0100},
	Date-Modified = {2011-03-10 10:46:13 +0100},
	Institution = {IT University of Copenhagen},
	Number = {TR-2008-116},
	Title = {A language for the Cell},
	Year = {2008}}

@article{BrijderCRRS08,
	Author = {Robert Brijder and Matteo Cavaliere and Agust{\'\i}n Riscos-N{\'u}{\~n}ez and Grzegorz Rozenberg and Drago\c{s} Sburlan},
	Date-Added = {2011-03-10 10:42:47 +0100},
	Date-Modified = {2011-03-10 10:45:00 +0100},
	Journal = {Theor. Comp. Sci.},
	Number = {1-2},
	Pages = {26-39},
	Title = {Membrane systems with proteins embedded in membranes},
	Volume = {404},
	Year = {2008}}

@inproceedings{BacciGM09,
	Author = {Giorgio Bacci and Davide Grohmann and Marino Miculan},
	Booktitle = {Proc. MeCBIC'09},
	Date-Added = {2011-03-10 10:31:44 +0100},
	Date-Modified = {2011-03-10 10:33:00 +0100},
	Editor = {G. Ciobanu},
	Journal = {EPTCS},
	Title = {A framework for protein and membrane interactions},
	Year = {2009}}

@article{GruenertILLHD10,
	Author = {Gerd Gruenert and Bashar Ibrahim and Thorsten Lenser and Maiko Lohel and Thomas Hinze and Peter Dittrich},
	Date-Added = {2011-03-03 18:51:29 +0100},
	Date-Modified = {2011-03-03 18:53:53 +0100},
	Journal = {BMC Bioinformatics},
	Number = {307},
	Title = {Rule-based spatial modeling with diffusing, geometrically constrained molecules},
	Volume = {11},
	Year = {2010}}

@article{Liang_etal02,
	Author = {Gangning Liang and Matilda F. Chan and Yoshitaka Tomigahara and Yvonne C. Tsai and Felicidad A. Gonzales and En Li and Peter W. Laird and Peter A. Jones},
	Date-Added = {2010-11-16 16:35:47 +0100},
	Date-Modified = {2010-11-16 16:37:47 +0100},
	Journal = {Mol. Cell. Biol.},
	Keywords = {Dnmt ; maintainance ; Epigenetics},
	Number = {2},
	Pages = {480-491},
	Title = {Cooperativity between DNA Methyltransferases in the Maintenance Methylation of Repetitive Elements},
	Volume = {22},
	Year = {2002}}

@article{Chen_etal03,
	Author = {Taiping Chen and Yoshihide Ueda and Jonathan E. Dodge and Zhenjuan Wang and En Li},
	Date-Added = {2010-11-16 16:08:30 +0100},
	Date-Modified = {2010-11-16 16:10:48 +0100},
	Journal = {Mol. Cell. Biol.},
	Keywords = {Methylome;Epigenetics;Dnmt;maintainance},
	Number = {16},
	Pages = {5594-5605},
	Read = {1},
	Title = {Establishment and Maintenance of Genomic Methylation Patterns in Mouse Embryonic Stem Cells by Dnmt3a and Dnmt3b},
	Volume = {23},
	Year = {2003},
	Bdsk-File-1 = {YnBsaXN0MDDUAQIDBAUIJidUJHRvcFgkb2JqZWN0c1gkdmVyc2lvblkkYXJjaGl2ZXLRBgdUcm9vdIABqAkKFRYXGyIjVSRudWxs0wsMDQ4RFFpOUy5vYmplY3RzV05TLmtleXNWJGNsYXNzog8QgASABqISE4ACgAOAB1lhbGlhc0RhdGFccmVsYXRpdmVQYXRo0hgNGRpXTlMuZGF0YU8RAgoAAAAAAgoAAgAADE1hY2ludG9zaCBIRAAAAAAAAAAAAAAAAAAAAMbr/zlIKwAAAAzCAB9Ebm10M2EvYiB2YXJpYW50cyBhbiM0MDAxRjkucGRmAAAAAAAAAAAAAAAAAAAAAAAAAAAAAAAAAAAAAAAAAAAAQAH5yQhcigAAAAAAAAAAAAQABQAACSAAAAAAAAAAAAAAAAAAAAAGcGFwZXJzABAACAAAxuvjGQAAABEACAAAyQhOegAAAAEAGAAMwgAADMH8AB4glgAH/gUAB/34AACRngACAFpNYWNpbnRvc2ggSEQ6VXNlcnM6amtyaXZpbmU6RG9jdW1lbnRzOlJlc2VhcmNoOklIRVM6cGFwZXJzOkRubXQzYS9iIHZhcmlhbnRzIGFuIzQwMDFGOS5wZGYADgBOACYARABuAG0AdAAzAGEALwBiACAAdgBhAHIAaQBhAG4AdABzACAAYQBuAGQAIABtAGEAaQBuAHQAYQBpAG4AYQBuAGMAZQAuAHAAZABmAA8AGgAMAE0AYQBjAGkAbgB0AG8AcwBoACAASABEABIAVFVzZXJzL2prcml2aW5lL0RvY3VtZW50cy9SZXNlYXJjaC9JSEVTL3BhcGVycy9Ebm10M2E6YiB2YXJpYW50cyBhbmQgbWFpbnRhaW5hbmNlLnBkZgATAAEvAAAVAAIAD///AACABdIcHR4fWCRjbGFzc2VzWiRjbGFzc25hbWWjHyAhXU5TTXV0YWJsZURhdGFWTlNEYXRhWE5TT2JqZWN0XxBRLi4vLi4vLi4vLi4vRG9jdW1lbnRzL1Jlc2VhcmNoL0lIRVMvcGFwZXJzL0RubXQzYTpiIHZhcmlhbnRzIGFuZCBtYWludGFpbmFuY2UucGRm0hwdJCWiJSFcTlNEaWN0aW9uYXJ5EgABhqBfEA9OU0tleWVkQXJjaGl2ZXIACAARABYAHwAoADIANQA6ADwARQBLAFIAXQBlAGwAbwBxAHMAdgB4AHoAfACGAJMAmACgAq4CsAK1Ar4CyQLNAtsC4gLrAz8DRANHA1QDWQAAAAAAAAIBAAAAAAAAACgAAAAAAAAAAAAAAAAAAANr}}

@article{JonLia09,
	Author = {Peter A. Jones and Gangning Liang},
	Date-Added = {2010-11-15 17:16:16 +0100},
	Date-Modified = {2010-11-15 17:18:09 +0100},
	Journal = {Nature reviews. Genetics},
	Keywords = {Methylome;Epigenetics;model},
	Pages = {805-811},
	Read = {1},
	Title = {Rethinking how DNA methylation patterns are maintained},
	Volume = {10},
	Year = {2009},
	Bdsk-File-1 = {YnBsaXN0MDDUAQIDBAUIJidUJHRvcFgkb2JqZWN0c1gkdmVyc2lvblkkYXJjaGl2ZXLRBgdUcm9vdIABqAkKFRYXGyIjVSRudWxs0wsMDQ4RFFpOUy5vYmplY3RzV05TLmtleXNWJGNsYXNzog8QgASABqISE4ACgAOAB1lhbGlhc0RhdGFccmVsYXRpdmVQYXRo0hgNGRpXTlMuZGF0YU8RAe4AAAAAAe4AAgAADE1hY2ludG9zaCBIRAAAAAAAAAAAAAAAAAAAAMbr/zlIKwAAAAzCAB1tZXRoeWxfbWFpbnRhaW5hbmNlX21vZGVsLnBkZgAAAAAAAAAAAAAAAAAAAAAAAAAAAAAAAAAAAAAAAAAAAAAAP/PiyQcb9QAAAAAAAAAAAAQABQAACSAAAAAAAAAAAAAAAAAAAAAGcGFwZXJzABAACAAAxuvjGQAAABEACAAAyQcN5QAAAAEAGAAMwgAADMH8AB4glgAH/gUAB/34AACRngACAFhNYWNpbnRvc2ggSEQ6VXNlcnM6amtyaXZpbmU6RG9jdW1lbnRzOlJlc2VhcmNoOklIRVM6cGFwZXJzOm1ldGh5bF9tYWludGFpbmFuY2VfbW9kZWwucGRmAA4APAAdAG0AZQB0AGgAeQBsAF8AbQBhAGkAbgB0AGEAaQBuAGEAbgBjAGUAXwBtAG8AZABlAGwALgBwAGQAZgAPABoADABNAGEAYwBpAG4AdABvAHMAaAAgAEgARAASAEtVc2Vycy9qa3JpdmluZS9Eb2N1bWVudHMvUmVzZWFyY2gvSUhFUy9wYXBlcnMvbWV0aHlsX21haW50YWluYW5jZV9tb2RlbC5wZGYAABMAAS8AABUAAgAP//8AAIAF0hwdHh9YJGNsYXNzZXNaJGNsYXNzbmFtZaMfICFdTlNNdXRhYmxlRGF0YVZOU0RhdGFYTlNPYmplY3RfEEguLi8uLi8uLi8uLi9Eb2N1bWVudHMvUmVzZWFyY2gvSUhFUy9wYXBlcnMvbWV0aHlsX21haW50YWluYW5jZV9tb2RlbC5wZGbSHB0kJaIlIVxOU0RpY3Rpb25hcnkSAAGGoF8QD05TS2V5ZWRBcmNoaXZlcgAIABEAFgAfACgAMgA1ADoAPABFAEsAUgBdAGUAbABvAHEAcwB2AHgAegB8AIYAkwCYAKACkgKUApkCogKtArECvwLGAs8DGgMfAyIDLwM0AAAAAAAAAgEAAAAAAAAAKAAAAAAAAAAAAAAAAAAAA0Y=}}

@article{PelEck10,
	Annote = {Interesting review for basic facts about methylome.
- methylCseq for iPSC not available
- iPSC seem to have aberrant methylome compared to PSC
- methylation possible on adenine in prokaryote
- possible alt. pathway for demethylation via 5meC -> 5hmC
- 5meCpH abundant in gene body (quoting Lister nature paper)
},
	Author = {Mattia Pelizzola and Joseph R. Ecker},
	Date-Added = {2010-11-15 15:48:36 +0100},
	Date-Modified = {2010-11-15 17:12:33 +0100},
	Journal = {FEBS letters},
	Keywords = {Methylome; review ; Epigenetics},
	Read = {1},
	Title = {The DNA methylome},
	Volume = {In press},
	Year = {2010},
	Bdsk-File-1 = {YnBsaXN0MDDUAQIDBAUIJidUJHRvcFgkb2JqZWN0c1gkdmVyc2lvblkkYXJjaGl2ZXLRBgdUcm9vdIABqAkKFRYXGyIjVSRudWxs0wsMDQ4RFFpOUy5vYmplY3RzV05TLmtleXNWJGNsYXNzog8QgASABqISE4ACgAOAB1lhbGlhc0RhdGFccmVsYXRpdmVQYXRo0hgNGRpXTlMuZGF0YU8RAcoAAAAAAcoAAgAADE1hY2ludG9zaCBIRAAAAAAAAAAAAAAAAAAAAMbr/zlIKwAAAAzCABRtZXRoeWxvbWUtcmV2aWV3LnBkZgAAAAAAAAAAAAAAAAAAAAAAAAAAAAAAAAAAAAAAAAAAAAAAAAAAAAAAAAAAP/HmyQcIGwAAAAAAAAAAAAQABQAACSAAAAAAAAAAAAAAAAAAAAAGcGFwZXJzABAACAAAxuvjGQAAABEACAAAyQb6CwAAAAEAGAAMwgAADMH8AB4glgAH/gUAB/34AACRngACAE9NYWNpbnRvc2ggSEQ6VXNlcnM6amtyaXZpbmU6RG9jdW1lbnRzOlJlc2VhcmNoOklIRVM6cGFwZXJzOm1ldGh5bG9tZS1yZXZpZXcucGRmAAAOACoAFABtAGUAdABoAHkAbABvAG0AZQAtAHIAZQB2AGkAZQB3AC4AcABkAGYADwAaAAwATQBhAGMAaQBuAHQAbwBzAGgAIABIAEQAEgBCVXNlcnMvamtyaXZpbmUvRG9jdW1lbnRzL1Jlc2VhcmNoL0lIRVMvcGFwZXJzL21ldGh5bG9tZS1yZXZpZXcucGRmABMAAS8AABUAAgAP//8AAIAF0hwdHh9YJGNsYXNzZXNaJGNsYXNzbmFtZaMfICFdTlNNdXRhYmxlRGF0YVZOU0RhdGFYTlNPYmplY3RfED8uLi8uLi8uLi8uLi9Eb2N1bWVudHMvUmVzZWFyY2gvSUhFUy9wYXBlcnMvbWV0aHlsb21lLXJldmlldy5wZGbSHB0kJaIlIVxOU0RpY3Rpb25hcnkSAAGGoF8QD05TS2V5ZWRBcmNoaXZlcgAIABEAFgAfACgAMgA1ADoAPABFAEsAUgBdAGUAbABvAHEAcwB2AHgAegB8AIYAkwCYAKACbgJwAnUCfgKJAo0CmwKiAqsC7QLyAvUDAgMHAAAAAAAAAgEAAAAAAAAAKAAAAAAAAAAAAAAAAAAAAxk=}}

@inproceedings{DanKri03,
	Author = {Vincent Danos and Jean Krivine},
	Booktitle = {Bio-Concur'03, satellite workshop of CONCUR'03},
	Date-Added = {2010-04-12 16:59:34 +0200},
	Date-Modified = {2010-04-12 16:59:34 +0200},
	Series = {ENTCS},
	Title = {Formal molecular biology done in {CCS-R}},
	Volume = 1880,
	Year = 2003}

@article{Li_etal06,
	Author = {Ya-Qiang Li and Ping-Zhu Zhou and Xiu-Dan Zheng and Colum P. Walsh and Guo-Liang Xu},
	Date-Added = {2010-03-24 15:01:45 +0100},
	Date-Modified = {2010-11-16 16:11:58 +0100},
	Journal = {Nucleic Acids Research},
	Keywords = {TDG;Dnmt},
	Number = {2},
	Read = {1},
	Title = {Association of Dnmt3a and thymine DNA glycosylase links DNA methylation with base-excision repair},
	Volume = {35},
	Year = {2007}}

@article{FitDro08,
	Author = {Megan E. Fitzgerald and Alexander C. Drohat},
	Date-Added = {2010-03-24 14:58:09 +0100},
	Date-Modified = {2010-11-16 16:38:53 +0100},
	Journal = {Journal of Biological Chemistry},
	Keywords = {BER ; TDG ; model},
	Month = {32690},
	Pages = {32680},
	Title = {Coordinating the Initial Steps of Base Excision Repair},
	Volume = {47},
	Year = {2008},
	Bdsk-File-1 = {YnBsaXN0MDDUAQIDBAUIJidUJHRvcFgkb2JqZWN0c1gkdmVyc2lvblkkYXJjaGl2ZXLRBgdUcm9vdIABqAkKFRYXGyIjVSRudWxs0wsMDQ4RFFpOUy5vYmplY3RzV05TLmtleXNWJGNsYXNzog8QgASABqISE4ACgAOAB1lhbGlhc0RhdGFccmVsYXRpdmVQYXRo0hgNGRpXTlMuZGF0YU8RAaYAAAAAAaYAAgAADE1hY2ludG9zaCBIRAAAAAAAAAAAAAAAAAAAAMbr/zlIKwAAAAzCAAtUREctQVBFLnBkZgAAAAAAAAAAAAAAAAAAAAAAAAAAAAAAAAAAAAAAAAAAAAAAAAAAAAAAAAAAAAAAAAAAAAAADMJ+x0KgOAAAAAAAAAAAAAQABQAACSAAAAAAAAAAAAAAAAAAAAAGcGFwZXJzABAACAAAxuvjGQAAABEACAAAx0KSKAAAAAEAGAAMwgAADMH8AB4glgAH/gUAB/34AACRngACAEZNYWNpbnRvc2ggSEQ6VXNlcnM6amtyaXZpbmU6RG9jdW1lbnRzOlJlc2VhcmNoOklIRVM6cGFwZXJzOlRERy1BUEUucGRmAA4AGAALAFQARABHAC0AQQBQAEUALgBwAGQAZgAPABoADABNAGEAYwBpAG4AdABvAHMAaAAgAEgARAASADlVc2Vycy9qa3JpdmluZS9Eb2N1bWVudHMvUmVzZWFyY2gvSUhFUy9wYXBlcnMvVERHLUFQRS5wZGYAABMAAS8AABUAAgAP//8AAIAF0hwdHh9YJGNsYXNzZXNaJGNsYXNzbmFtZaMfICFdTlNNdXRhYmxlRGF0YVZOU0RhdGFYTlNPYmplY3RfEDYuLi8uLi8uLi8uLi9Eb2N1bWVudHMvUmVzZWFyY2gvSUhFUy9wYXBlcnMvVERHLUFQRS5wZGbSHB0kJaIlIVxOU0RpY3Rpb25hcnkSAAGGoF8QD05TS2V5ZWRBcmNoaXZlcgAIABEAFgAfACgAMgA1ADoAPABFAEsAUgBdAGUAbABvAHEAcwB2AHgAegB8AIYAkwCYAKACSgJMAlECWgJlAmkCdwJ+AocCwALFAsgC1QLaAAAAAAAAAgEAAAAAAAAAKAAAAAAAAAAAAAAAAAAAAuw=}}

@article{Mor_etal07,
	Author = {Michael T. Morgan and Matthew T. Bennett and Alexander C. Drohat},
	Date-Added = {2010-03-24 13:54:43 +0100},
	Date-Modified = {2010-03-24 13:57:20 +0100},
	Journal = {Journal of Biological Chemistry},
	Number = {38},
	Pages = {27578-27586},
	Title = {Excision of 5-Halogenated Uracils by Human Thymine DNA Glycosylase: robust activity for DNA contexts other than CpG},
	Volume = {282},
	Year = {2007},
	Bdsk-File-1 = {YnBsaXN0MDDUAQIDBAUIJidUJHRvcFgkb2JqZWN0c1gkdmVyc2lvblkkYXJjaGl2ZXLRBgdUcm9vdIABqAkKFRYXGyIjVSRudWxs0wsMDQ4RFFpOUy5vYmplY3RzV05TLmtleXNWJGNsYXNzog8QgASABqISE4ACgAOAB1lhbGlhc0RhdGFccmVsYXRpdmVQYXRo0hgNGRpXTlMuZGF0YU8RAd4AAAAAAd4AAgAADE1hY2ludG9zaCBIRAAAAAAAAAAAAAAAAAAAAMbr/zlIKwAAAAzCABlUREcgZXhjaXNpb24gY29udGV4dHMucGRmAAAAAAAAAAAAAAAAAAAAAAAAAAAAAAAAAAAAAAAAAAAAAAAAAAAADMJ1x0KgNQAAAAAAAAAAAAQABQAACSAAAAAAAAAAAAAAAAAAAAAGcGFwZXJzABAACAAAxuvjGQAAABEACAAAx0KSJQAAAAEAGAAMwgAADMH8AB4glgAH/gUAB/34AACRngACAFRNYWNpbnRvc2ggSEQ6VXNlcnM6amtyaXZpbmU6RG9jdW1lbnRzOlJlc2VhcmNoOklIRVM6cGFwZXJzOlRERyBleGNpc2lvbiBjb250ZXh0cy5wZGYADgA0ABkAVABEAEcAIABlAHgAYwBpAHMAaQBvAG4AIABjAG8AbgB0AGUAeAB0AHMALgBwAGQAZgAPABoADABNAGEAYwBpAG4AdABvAHMAaAAgAEgARAASAEdVc2Vycy9qa3JpdmluZS9Eb2N1bWVudHMvUmVzZWFyY2gvSUhFUy9wYXBlcnMvVERHIGV4Y2lzaW9uIGNvbnRleHRzLnBkZgAAEwABLwAAFQACAA///wAAgAXSHB0eH1gkY2xhc3Nlc1okY2xhc3NuYW1lox8gIV1OU011dGFibGVEYXRhVk5TRGF0YVhOU09iamVjdF8QRC4uLy4uLy4uLy4uL0RvY3VtZW50cy9SZXNlYXJjaC9JSEVTL3BhcGVycy9UREcgZXhjaXNpb24gY29udGV4dHMucGRm0hwdJCWiJSFcTlNEaWN0aW9uYXJ5EgABhqBfEA9OU0tleWVkQXJjaGl2ZXIACAARABYAHwAoADIANQA6ADwARQBLAFIAXQBlAGwAbwBxAHMAdgB4AHoAfACGAJMAmACgAoIChAKJApICnQKhAq8CtgK/AwYDCwMOAxsDIAAAAAAAAAIBAAAAAAAAACgAAAAAAAAAAAAAAAAAAAMy}}

@article{Metivier_etal09,
	Author = {Rapha{\"e}l M{\'e}tivier and Rozenn Gallais and Christophe Tiffoche and Christine Le P{\'e}ron and Renata Z. Jurkowska and Richard P. Carmouche and David Ibberson and Peter Barath and Florence Demay and George Reid and Vladimir Benes and Albert Jeltsch and Frank Gannon and Gilles Salbert},
	Date-Added = {2010-03-23 18:17:00 +0100},
	Date-Modified = {2010-03-24 17:17:31 +0100},
	Journal = {Nature},
	Keywords = {Epigenetics},
	Number = {6},
	Title = {Cyclical DNA methylation of a transcriptionally active promoter},
	Volume = {452},
	Year = {2008},
	Bdsk-File-1 = {YnBsaXN0MDDUAQIDBAUIJidUJHRvcFgkb2JqZWN0c1gkdmVyc2lvblkkYXJjaGl2ZXLRBgdUcm9vdIABqAkKFRYXGyIjVSRudWxs0wsMDQ4RFFpOUy5vYmplY3RzV05TLmtleXNWJGNsYXNzog8QgASABqISE4ACgAOAB1lhbGlhc0RhdGFccmVsYXRpdmVQYXRo0hgNGRpXTlMuZGF0YU8RAfwAAAAAAfwAAgAADE1hY2ludG9zaCBIRAAAAAAAAAAAAAAAAAAAAMbr/zlIKwAAAAzCAB9BY3RpdmUgZGVtZXRoeWxhdGlvbiAjQ0MyNEMucGRmAAAAAAAAAAAAAAAAAAAAAAAAAAAAAAAAAAAAAAAAAAAADMJMx0KgJQAAAAAAAAAAAAQABQAACSAAAAAAAAAAAAAAAAAAAAAGcGFwZXJzABAACAAAxuvjGQAAABEACAAAx0KSFQAAAAEAGAAMwgAADMH8AB4glgAH/gUAB/34AACRngACAFpNYWNpbnRvc2ggSEQ6VXNlcnM6amtyaXZpbmU6RG9jdW1lbnRzOlJlc2VhcmNoOklIRVM6cGFwZXJzOkFjdGl2ZSBkZW1ldGh5bGF0aW9uICNDQzI0Qy5wZGYADgBEACEAQQBjAHQAaQB2AGUAIABkAGUAbQBlAHQAaAB5AGwAYQB0AGkAbwBuACAAKABOAGEAdAB1AHIAZQApAC4AcABkAGYADwAaAAwATQBhAGMAaQBuAHQAbwBzAGgAIABIAEQAEgBPVXNlcnMvamtyaXZpbmUvRG9jdW1lbnRzL1Jlc2VhcmNoL0lIRVMvcGFwZXJzL0FjdGl2ZSBkZW1ldGh5bGF0aW9uIChOYXR1cmUpLnBkZgAAEwABLwAAFQACAA///wAAgAXSHB0eH1gkY2xhc3Nlc1okY2xhc3NuYW1lox8gIV1OU011dGFibGVEYXRhVk5TRGF0YVhOU09iamVjdF8QTC4uLy4uLy4uLy4uL0RvY3VtZW50cy9SZXNlYXJjaC9JSEVTL3BhcGVycy9BY3RpdmUgZGVtZXRoeWxhdGlvbiAoTmF0dXJlKS5wZGbSHB0kJaIlIVxOU0RpY3Rpb25hcnkSAAGGoF8QD05TS2V5ZWRBcmNoaXZlcgAIABEAFgAfACgAMgA1ADoAPABFAEsAUgBdAGUAbABvAHEAcwB2AHgAegB8AIYAkwCYAKACoAKiAqcCsAK7Ar8CzQLUAt0DLAMxAzQDQQNGAAAAAAAAAgEAAAAAAAAAKAAAAAAAAAAAAAAAAAAAA1g=}}

@article{Lister_etal09,
	Author = {Ryan Lyster and Mattia Pelizzola and Robert H. Dowen and R. David Hawkins and Gary Hon and Julian Tonti-Filippini and Joseph R. Nery and Leonard Lee and Zhen Ye and Que-Minh Ngo and Lee Edsall and Jessica Antosiewicz-Bourget and Ron Stewart and Victor Ruotti and A. Harvey Millar and James A. Thomson and Bing Ren and Joseph R. Ecker},
	Date-Added = {2010-03-23 16:55:59 +0100},
	Date-Modified = {2010-03-23 16:59:39 +0100},
	Journal = {Nature},
	Keywords = {Epigenetics},
	Title = {Human DNA methylomes at base resolution show widespread epigenomic differences},
	Year = {2009},
	Bdsk-File-1 = {YnBsaXN0MDDUAQIDBAUIJidUJHRvcFgkb2JqZWN0c1gkdmVyc2lvblkkYXJjaGl2ZXLRBgdUcm9vdIABqAkKFRYXGyIjVSRudWxs0wsMDQ4RFFpOUy5vYmplY3RzV05TLmtleXNWJGNsYXNzog8QgASABqISE4ACgAOAB1lhbGlhc0RhdGFccmVsYXRpdmVQYXRo0hgNGRpXTlMuZGF0YU8RAbYAAAAAAbYAAgAADE1hY2ludG9zaCBIRAAAAAAAAAAAAAAAAAAAAMbr/zlIKwAAAAzCAA9lcGlnZW5vbWljcy5wZGYAAAAAAAAAAAAAAAAAAAAAAAAAAAAAAAAAAAAAAAAAAAAAAAAAAAAAAAAAAAAAAAAADMJQx0KgJwAAAAAAAAAAAAQABQAACSAAAAAAAAAAAAAAAAAAAAAGcGFwZXJzABAACAAAxuvjGQAAABEACAAAx0KSFwAAAAEAGAAMwgAADMH8AB4glgAH/gUAB/34AACRngACAEpNYWNpbnRvc2ggSEQ6VXNlcnM6amtyaXZpbmU6RG9jdW1lbnRzOlJlc2VhcmNoOklIRVM6cGFwZXJzOmVwaWdlbm9taWNzLnBkZgAOACAADwBlAHAAaQBnAGUAbgBvAG0AaQBjAHMALgBwAGQAZgAPABoADABNAGEAYwBpAG4AdABvAHMAaAAgAEgARAASAD1Vc2Vycy9qa3JpdmluZS9Eb2N1bWVudHMvUmVzZWFyY2gvSUhFUy9wYXBlcnMvZXBpZ2Vub21pY3MucGRmAAATAAEvAAAVAAIAD///AACABdIcHR4fWCRjbGFzc2VzWiRjbGFzc25hbWWjHyAhXU5TTXV0YWJsZURhdGFWTlNEYXRhWE5TT2JqZWN0XxA6Li4vLi4vLi4vLi4vRG9jdW1lbnRzL1Jlc2VhcmNoL0lIRVMvcGFwZXJzL2VwaWdlbm9taWNzLnBkZtIcHSQloiUhXE5TRGljdGlvbmFyeRIAAYagXxAPTlNLZXllZEFyY2hpdmVyAAgAEQAWAB8AKAAyADUAOgA8AEUASwBSAF0AZQBsAG8AcQBzAHYAeAB6AHwAhgCTAJgAoAJaAlwCYQJqAnUCeQKHAo4ClwLUAtkC3ALpAu4AAAAAAAACAQAAAAAAAAAoAAAAAAAAAAAAAAAAAAADAA==}}

@inproceedings{DanTar05,
	Author = {Vincent Danos and Fabien Tarissan},
	Booktitle = {Mechanisms, Symbols, and Models Underlying Cognition},
	Optpublisher = {Springer},
	Pages = {498--507},
	Series = {LNCS},
	Title = {Self Assembling Graphs},
	Volume = {3561},
	Year = {2005}}

@inproceedings{LanTar06,
	Author = {Cosimo Laneve and Fabien Tarissan},
	Booktitle = {Proceedings of the Workshop MeCBIC'06.},
	Title = {A simple calculus for proteins and cells},
	Year = 2006}

@inproceedings{ChaFag03,
	Author = {Nathalie Chabrier and Fran{\c c}ois Fages},
	Booktitle = {Proc. CMSB'03},
	Date-Modified = {2011-04-05 15:19:56 +0200},
	Pages = {146--162},
	Series = {LNCS},
	Title = {Symbolic model checking of biochemical networks},
	Volume = 2602,
	Year = 2003}

@article{Reg_etal04,
	Author = {Aviv Regev and Ekaterina M. Panina and William Silverman and Luca Cardelli and Ehud Shapiro},
	Journal = {Theoretical Computer Science},
	Pages = {141--167},
	Title = {BioAmbients: An Abstraction for Biological Compartments},
	Volume = {325},
	Year = {2004}}

@inproceedings{DanLan03a,
	Author = {Vincent Danos and Cosimo Laneve},
	Booktitle = {Proceedings of the 12th European Symposium on Programming (ESOP'03, Warsaw, Poland)},
	Optmonth = APR,
	Optpublisher = {Springer-Verlag},
	Pages = {302--318},
	Series = {LNCS},
	Title = {Core Formal Molecular Biology},
	Volume = {2618},
	Year = {2003}}

@inproceedings{DanLan03b,
	Author = {Vincent Danos and Cosimo Laneve},
	Booktitle = {Proc. CMSB'03},
	Date-Modified = {2011-04-05 15:20:38 +0200},
	Pages = {34--46},
	Series = {LNCS},
	Title = {Graphs for Formal Molecular Biology},
	Volume = {2602},
	Year = 2003}

@article{DanLan04,
	Author = {Vincent Danos and Cosimo Laneve},
	Journal = {Theoretical Computer Science},
	Title = {Formal Molecular Biology},
	Volume = {325},
	Year = {2004}}

@inproceedings{DanPra04,
	Author = {Vincent Danos and Sylvain Pradalier},
	Booktitle = {Proceedings of {CMSB'04}},
	Pages = {134--148},
	Title = {Projective Brane Calculus},
	Year = 2004}

@article{Kir00,
	Author = {Tomas Kirchausen},
	Journal = {Nature reviews. Molecular cell biology},
	Pages = {187--198},
	Title = {Three ways to make a vesicle},
	Volume = {1},
	Year = {2000}}

@inproceedings{BalDegPri02,
	Author = {C. Baldi and Pierpaolo Degano and Corrado Priami},
	Booktitle = {Proceedings of the AI*IA Workshop on BioInformatics 2002},
	Pages = {69--72},
	Title = {Causal $\pi$-calculus for biochemical modeling},
	Year = {2002}}

@inproceedings{Tomlin1,
	Author = {Ronojoy Ghosh and Claire J. Tomlin},
	Booktitle = {{Proceedings of HSCC 2001}},
	Optpublisher = {Springer},
	Pages = {232--246},
	Series = {LNCS},
	Title = {Lateral Inhibition through Delta-Notch Signaling: A Piecewise Affine Hybrid Model?},
	Volume = {2034},
	Year = {2001}}

@inproceedings{RegSilSha01,
	Author = {Aviv Regev and William Silverman and Ehud Shapiro},
	Booktitle = {Pacific Symposium on Biocomputing},
	Date-Modified = {2011-04-05 15:03:41 +0200},
	Pages = {459--470},
	Publisher = {World Scientific Press},
	Title = {Representation and Simulation of Biochemical Processes using the {$\pi$}-Calculus Process Algebra},
	Volume = {6},
	Year = {2001}}

@article{Regev3,
	Author = {Aviv Regev and Ehud Shapiro},
	Date-Modified = {2010-04-12 16:55:56 +0200},
	Journal = {Nature},
	Keywords = {pi-calculus},
	Month = {September},
	Title = {{Cells as computation}},
	Volume = {419},
	Year = {2002}}

@inproceedings{Lincoln,
	Author = {Steven Eker and Merrill Knapp and Keith Laderoute and Patrick Lincoln and Jos\'{e} Meseguer and Kemal Sonmez},
	Booktitle = {Proceedings of the Pacific Symposium on Biocomputing},
	Month = {January},
	Opturl = {http://www.csl.sri.com/papers/lincoln-pathway-logic-psb-2002/},
	Pages = {400-412},
	Title = {Pathway Logic: Symbolic Analysis of Biological Signaling},
	Year = {2002}}

@article{rtk,
	Author = {Birgit Schoeberl and Claudia Eichler-Jonsson and Ernst-Dieter Gilles and Gertraud M{\"u}ller},
	Journal = {Nature Biotechnology},
	Pages = {370--375},
	Title = {Computational modeling of the dynamics of the MAP kinase cascade activated by surface and internalized {EGF} receptors},
	Volume = {20},
	Year = {2002}}

@article{ht:qmbn,
	Author = {R. Hofest{\"a}dt and S. Thelen},
	Journal = {In Silico Biology},
	Optnote = {\texttt{//www.bionfo.de/isb/1998/}},
	Title = {Quantitative modeling of biochemical networks},
	Volume = 1,
	Year = 1998}

@inproceedings{m:hpnrgrn,
	Author = {H. Matsuno and A. Doi and M. Nagasaki and S. Miyano},
	Booktitle = {Proceedings of the Pacific Symposium on Biocomputing (2000)},
	Pages = {338--349},
	Title = {Hybrid {P}etri {N}et representation of gene regulatory networks},
	Year = 2000}

@inproceedings{kch:isrs,
	Author = {Naaman Kam and Irun R. Cohen and David Harel},
	Booktitle = {Proceedings of the IEEE Symposium on Human-centric Computing},
	Month = SEP,
	Pages = {15--22},
	Title = {The Immune System as a reactive system: modeling {T}-cell activation with statecharts},
	Year = 2001}

@unpublished{kegg,
	Author = {KEGG},
	Optnote = {On-line data-base},
	Title = {{Kyoto Encyclopedia of Genes and Genomes, Bioformatics Center, Institute for Chemical Research, Kyoto University}},
	Url = {\texttt{www.genome.ad.jp/kegg}},
	Bdsk-Url-1 = {%5Ctexttt%7Bwww.genome.ad.jp/kegg%7D}}

@article{idek:igpa,
	Author = {Trey Ideker and Vesteinn Thorsson and Jeffrey A. Ranish and Rowan Christmas and Jeremy Buhler and Jimmy K. Eng and Roger Bumgarner and David R. Goodlett and Ruedi Aebersold and Leroy Hood},
	Journal = {Science},
	Month = MAY,
	Pages = {929--934},
	Title = {Integrated Genomic and Proteomic Analyses of a systematically perturbed metabolic pathway},
	Volume = {292},
	Year = 2001}

@incollection{Car04,
	Author = {Luca Cardelli},
	Booktitle = {Computational Methods in Systems Biology},
	Pages = {257--278},
	Publisher = {Springer},
	Title = {Brane Calculi - Interactions of Biological Membranes},
	Year = {2004}}

@article{PriRegSilSha01,
	Author = {Corrado Priami and Aviv Regev and William Silverman and Ehud Shapiro},
	Journal = {Infomation Processing Letters},
	Number = {1},
	Pages = {25--31},
	Title = {Application of stochastic name-passing calculus to representation and simulation of molecular processes},
	Volume = {80},
	Year = {2001}}

@inproceedings{PriQua05,
	Author = {Corrado Priami and Paola Quaglia},
	Booktitle = {Computational Methods in Systems Biology},
	Pages = {20--33},
	Title = {Beta Binders for Biological Interactions},
	Volume = {3082},
	Year = {2005}}

@inproceedings{FraHak04,
	Author = {Paul Francois and Vincent Hakim},
	Booktitle = {PNAS},
	Pages = {580--585},
	Title = {Design of genetic networks with specified functions by evolution in silico},
	Volume = 101,
	Year = 2004}

@article{BloCarPhi06,
	Author = {Ralf Blossey and Luca Cardelli and Andrew Phillips},
	Journal = {TCSB},
	Month = {January},
	Pages = {99--122},
	Publisher = {Springer},
	Title = {A Compositional Approach to the Stochastic Dynamics of Gene Networks},
	Volume = {3939},
	Year = {2006}}

@article{KozKoz03,
	Author = {Yonathan Kozlovsky and Michael M. Kozlov},
	Journal = {Biophysical Journal},
	Month = {July},
	Number = {1},
	Pages = {85--96},
	Title = {Membrane Fisson: Model for Intermediate Structures},
	Volume = {85},
	Year = {2003}}

@article{EckKim01,
	Author = {D.M Eckert and P.S Kim},
	Journal = {Annual Revue of Biochemistry},
	Pages = {777--810},
	Title = {Mechanisms of Viral Membrane Fusion and its Inhibition},
	Volume = {70},
	Year = {2001}}

@article{BarMagMilTro06,
	Author = {R.Barbuti and A.Maggiolo-Schettini and P.Milazzo and A.Troina},
	Journal = {Fundamenta Informatic\ae},
	Number = {1--3},
	Pages = {21--35},
	Title = {A Calculus of Looping Sequences for Modelling Microbiological Systems},
	Volume = {72},
	Year = {2006}}

@article{KozCher02,
	Author = {Michael M. Kozlov and Leonid Chernomordik},
	Journal = {Traffic},
	Number = {4},
	Pages = {256--267},
	Title = {The Protein Coat in Membrane Fusion: Lessons from Fission},
	Volume = {3},
	Year = {2002}}

@article{GibBru00,
	Author = {Michael A. Gibson and Jehoshua Bruck},
	Journal = {Journal of Physical Chemistry A},
	Pages = {1876--1889},
	Title = {Efficient Exact Stochastic Simulation of Chemical Systems with Many Species and Many Channels},
	Volume = {104},
	Year = {2000}}

@article{Gil77,
	Author = {Daniel T. Gillespie},
	Journal = {Journal of Physical Chemistry},
	Number = {25},
	Pages = {2340--2361},
	Title = {Exact Stochastic Simulation of Coupled Chemical Reactions},
	Volume = {81},
	Year = {1977}}

@article{Gil76,
	Author = {Daniel T. Gillespie},
	Journal = {Journal of Computational Physics},
	Number = {4},
	Pages = {403--434},
	Title = {A General Method for Numerically Simulating the Stochastic Time Evolution of Coupled Chemical Reactions},
	Volume = {22},
	Year = {1976}}

@inproceedings{PhiCar07,
	Author = {Andrew Phillips and Luca Cardelli},
	Booktitle = {CMSB 2007},
	Note = {to appear},
	Title = {Efficient, Correct Simulation of Biological Processes in the Stochastic pi-calculus},
	Year = {2007}}

@inproceedings{Deg_etal06,
	Author = {Pierpaolo Degano and Davide Prandi and Corrado Priami and Paola Quaglia},
	Booktitle = {Proceedings of QAPL 2006},
	Pages = {101--117},
	Series = {ENTCS},
	Title = {Beta-binders for biological quantitative experiments},
	Volume = {164},
	Year = {2006}}

@inproceedings{PriRom06,
	Author = {Corrado Priami and Alessandro Romanel},
	Booktitle = {In MeCBIC 2006: Workshop on Membrane Computing and Biologically Inspired Process Calculi},
	Note = {To appear},
	Series = {ENTCS},
	Title = {The decidability of the structural congruence for beta-binders},
	Year = {2006}}

@inproceedings{Dan_etal07a,
	Author = {Vincent Danos and J{\'e}r{\^o}me Feret and Walter Fontanta and Russ Harmer and Jean Krivine},
	Booktitle = {Proceedings of CONCUR 2007},
	Date-Modified = {2010-11-03 11:15:07 +0100},
	Editor = {Lu\'{\i}s Caires and Vasco Thudichum Vasconcelos},
	Pages = {17-41},
	Publisher = {Springer},
	Series = {LNCS},
	Title = {Rule based modeling of biological signaling},
	Volume = {4703},
	Year = {2007}}

@article{LeNShi01,
	Author = {Nicolas Le Nov{\`e}re and T.S Shimizu},
	Journal = {Bioinformatics},
	Pages = {575--576},
	Title = {StochSim: modelling of stochastic biomolecular processes},
	Volume = {17},
	Year = {2001}}

@article{Cur_etal04,
	Author = {M. Curti and P. Degano and C. Priami and C. T. Baldari},
	Journal = {Theor. Comp. Sci.},
	Note = {Online},
	Number = {1},
	Pages = {111--140},
	Title = {Modelling Biochemical Pathways through enhanced $\pi$-calculus},
	Volume = {325},
	Year = {2004}}

@article{Fae_etal05,
	Author = {James R. Faeder and Mickael L. Blinov and William S. Hlavacek},
	Journal = {Complexity},
	Pages = {22--41},
	Title = {Rule Based modeling of biochemical networks},
	Year = {2005}}

@inproceedings{Dan_etal07b,
	Author = {Vincent Danos and J\'er\^ome Feret and Walter Fontana and Jean Krivine},
	Booktitle = {Proc. APLAS'07},
	Date-Modified = {2011-04-05 13:21:00 +0200},
	Pages = {139--157},
	Series = {LNCS},
	Title = {Scalable simulation of cellular signaling networks},
	Volume = {4807},
	Year = {2007}}

	@article{DBLP:journals/tcsb/DanosFFHK09,
  author    = {Vincent Danos and
               J{\'{e}}r{\^{o}}me Feret and
               Walter Fontana and
               Russell Harmer and
               Jean Krivine},
  title     = {Rule-Based Modelling and Model Perturbation},
  journal   = {Trans. Computational Systems Biology},
  volume    = {11},
  pages     = {116--137},
  year      = {2009},
  editor    = {Corrado Priami and
               Ralph{-}Johan Back and
               Ion Petre},
  series    = {Lecture Notes in Computer Science},
  volume    = {5750},
  publisher = {Springer},
}
