@Article{lucida,
  author       = {Ashcroft, E.~A. and Wadge, W.~W.},
  title	       = {Lucid, a non procedural language with iteration},
  journal      = {Communications of the ACM},
  year	       = 1977,
  volume       = 20,
  number       = 7,
  pages	       = {519--526},
  url	       = {http://www.cse.unsw.edu.au/~plaice/archive/WWW/1977/P-CACM77-Lucid.pdf},
}

@TechReport{esterel:watch89,
  author       = {Berry, G.},
  title	       = {Programming a digital watch in {Esterel} v3},
  institution  = {INRIA},
  year	       = 1989,
  type	       = {Technical Report},
  number       = 1032
}

@Unpublished{esterel:primer99,
  author       = {Berry, G.},
  title	       = {The {Esterel} v5 language primer, version 5.21 release 2.0},
  note	       = {Draft book},
  year	       = 1999,
  url	= {http://www-sop.inria.fr/members/Gerard.Berry/Papers/primer.pdf}
}

@Article{lucy:sttt04,
  author       = {Cola\c{c}o, J.-L. and Pouzet, M.},
  title	       = {Type-based Initialization Analysis of a Synchronous
                  Data-flow Language},
  journal      = {International Journal on Software Tools for
                  Technology Transfer (STTT)},
  year	       = 2004,
  volume       = 6,
  number       = 3,
  pages	       = {245--255},
  month	       = aug,
  url	       = {http://www.di.ens.fr/~pouzet/bib/sttt04.pdf}
}

@InProceedings{FournetGonthier96:rcham-join-calculus,
  author       = {Fournet, C. and Gonthier, G.},
  title	       = {The reflexive chemical abstract machine and the
                  join-calculus},
  booktitle    = {POPL '96: Proceedings of the 23rd ACM SIGPLAN-SIGACT
                  symposium on Principles of programming languages},
  year	       = 1996,
  isbn	       = {0-89791-769-3},
  pages	       = {372--385},
  location     = {St. Petersburg Beach, Florida, United States},
  doi	       = {http://doi.acm.org/10.1145/237721.237805},
  publisher    = {ACM Press},
  address      = {New York, NY, USA},
}

@article{lustre:ieee91,
  author       = {N. Halbwachs and P. Caspi and P. Raymond and
                  D. Pilaud},
  title	       = {The synchronous dataflow programming language
                  {Lustre}},
  journal      = {Proceedings of the IEEE},
  volume       = 79,
  number       = 9,
  pages	       = {1305--1320},
  month	       = sep,
  year	       = 1991,
  url	       = {http://www-verimag.imag.fr/~halbwach/lustre-ieee.html},
}

@inproceedings{kahn74,
  author       = {G. Kahn},
  title	       = {The Semantics of Simple Language for Parallel
                  Programming},
  booktitle    = {IFIP 74 Congress},
  year	       = 1974,
  location     = {North Holland, Amsterdam}
}

@TechReport{ocaml:manual,
  author       = {X. Leroy},
  title	       = {The {Objective Caml} system release
                  3.09. {Documentation and user's manual}},
  institution  = {INRIA},
  type	       = {Technical Report},
  url	       =
                  {http://caml.inria.fr/pub/docs/manual-ocaml/index.html},
  year	       = 2005
}

@article{Modes-SCP03,
  author       = {F. Maraninchi and Y. R\'emond},
  title	       = {Mode-Automata: a new Domain-Specific Construct for
                  the Development of Safe Critical Systems},
  journal      = {Science of Computer Programming},
  publisher    = {Elsevier},
  volume       = 46,
  pages	       = {219--254},
  year	       = 2003,
  url = {http://www-verimag.imag.fr/~maraninx/spip.php?article49}
}

@Book{milner:ccs-book89,
  author =	 {R. Milner},
  title = 	 {Communication and Concurrency},
  publisher = 	 {Prentice Hall},
  year = 	 1989
}

@Misc{hume06,
  author =	 {K. Hammond},
  title =	 {Hume},
  note =	 {\url{http://www-fp.dcs.st-and.ac.uk/hume/}}
}

@InBook{lucy:iste07,
  author =	 {P. Caspi and G. Hamon and M. Pouzet},
  chapter =	 {Synchronous Functional Programming with {Lucid Synchrone}},
  title = 	 {Modeling and Verification of Real-Time Systems: Formalisms
		  and Software Tools},
  publisher = {ISTE Ltd},
  year =	 2007,
  editors = {N. Navet and S. Mertz},
  url = {http://onlinelibrary.wiley.com/doi/10.1002/9780470611012.ch7/summary},
}

@Manual{lucy:manual06,
  author =	 {M. Pouzet},
  title =	 {{Lucid Synchrone}, version 3.
                  {Tutorial and reference manual}},
  organization = {Universit\'e Paris-Sud, LRI},
  month =	apr,
  year =	 2006}

@InProceedings{lucy:lctes08a,
  author = 	 {D. Biernacki and J.-L. Cola\c{c}o and G. Hamon
                  and M. Pouzet},
  title = 	 {Clock-directed Modular Code Generation of Synchronous Data-flow
                   Languages},
  booktitle =	 {ACM International Conference on
                  Languages, Compilers, and Tools for Embedded Systems 
                  (LCTES)},
  year =	 2008,
  address =	 {Tucson, Arizona},
  month =	 jun,
  url =		{lctes08a.pdf},
}

@Article{lucy:jcss12,
  author =	 {A. Benveniste and T. Bourke and B.
                  Caillaud and M. Pouzet},
  title =	 {Non-Standard Semantics of Hybrid Systems Modelers},
  journal =	 {Journal of Computer and System Sciences (JCSS)},
  year =	 2012,
  note =	 {Special issue in honor of Amir Pnueli},
  doi = {http://dx.doi.org/10.1016/j.jcss.2011.08.009},
  volume = 78,
  number = 3,
  month = may,
  pages = {877--910},
  url = {../papers.html#JCSS2012},
}

@InProceedings{lucy:hscc13,
  author = 	 {T. Bourke and M. Pouzet},
  title = 	 {{Z\'elus, a Synchronous Language with ODEs}},
  booktitle = {International Conference on
                  Hybrid Systems: Computation and Control (HSCC 2013)},
  year = 	 2013,
  month = 	 apr,
  address = 	 {Philadelphia, USA},
  organization = {ACM},
  url = {../papers.html#HSCC2013},
}

@InProceedings{lucy:hscc14,
  author = 	 {A. Benveniste and T. Bourke and B. Caillaud
		  and B. Pagano and M. Pouzet},
  title = 	 {A Type-based Analysis of Causality Loops in Hybrid Modelers},
  booktitle = {International Conference on
               Hybrid Systems: Computation and Control (HSCC)},
  year = 	 2014,
  month = 	 apr,
  address = 	 {Berlin, Germany},
  organization = {ACM},
  url = {../papers.html#HSCC2014},
}

@InProceedings{lucy:lctes11,
  author = 	 {A. Benveniste and T. Bourke and
                  B. Caillaud and M. Pouzet},
  title = 	 {Divide and recycle: types and compilation for a 
                   hybrid synchronous language},
  booktitle = {ACM SIGPLAN/SIGBED Conference on Languages, 
               Compilers, Tools and Theory for Embedded Systems (LCTES'11)},
  month = apr,
  address = {Chicago, USA},
  year = 2011,
  url = {../papers.html#LCTES2011},
}

@InProceedings{lucy:emsoft11,
  author = 	 {A. Benveniste and T. Bourke and
                  B. Caillaud and M. Pouzet},
  title = 	 {A Hybrid Synchronous Language with Hierarchical
  Automata: Static Typing and Translation to Synchronous Code},
  booktitle = {ACM SIGPLAN/SIGBED Conference on Embedded Software (EMSOFT'11)},
  month = oct,
  address = {Taipei, Taiwan},
  year = 2011,
  url = {../papers.html#EMSOFT2011},
}

@InProceedings{lucy:emsoft05b,
  author = 	 {J.-L. Cola\c{c}o and B. Pagano and M. Pouzet},
  title = 	 {A Conservative Extension of Synchronous Data-flow with
                   State Machines},
  booktitle = 	 {ACM International Conference on 
                  Embedded Software (EMSOFT'05)},
  address =	 {Jersey city, New Jersey, USA},
  month =	 sep,
  year =	 2005,
  url = {http://www.di.ens.fr/~pouzet/bib/emsoft05b.pdf},
}

@InProceedings{lucy:emsoft09,
  author = 	 {M. Pouzet and P. Raymond},
  title = 	 {Modular Static Scheduling of Synchronous Data-flow
                  Networks: An efficient symbolic representation},
  booktitle = 	 {ACM International Conference on 
                  Embedded Software (EMSOFT'09)},
  address =	 {Grenoble, France},
  month =	 oct,
  year =	 2009,
  url = {http://www.di.ens.fr/~pouzet/bib/emsoft09.pdf},
}

@InProceedings{lustre:tripakis-popl09,
  author =       {R. Lublinerman and C. Szegedy and S. Tripakis},
  title =        {Modular Code Generation from Synchronous 
                  Block Diagrams---Modularity vs. Code Size},
  booktitle = {ACM Principles of Programming Languages (POPL)},
  year =      2009,
  url = {http://www-verimag.imag.fr/~tripakis/papers/popl09.pdf}
}

@Article{signal:scp91,
  author = 	 "A. Benveniste and P. LeGuernic and Ch. Jacquemot",
  title = 	 "Synchronous programming with events and relations:
		  the {SIGNAL} language and its semantics",
  journal = 	 "Science of Computer Programming",
  year = 	 1991,
  volume = 	 16,
  pages = 	 "103--149",
  url = {http://www.sciencedirect.com/science/article/pii/016764239190001E}
}

@InProceedings{signal:pldi,
  author = 	 {T. Amagbegnon and L. Besnard and  P. Le Guernic.},
  title = 	 {Implementation of the Data-flow Synchronous Language {Signal}},
  booktitle = 	 {Programming Languages Design and Implementation (PLDI)},
  pages =	 {163--173},
  year =	 1995,
  publisher =	 {ACM}
}

@article{sundials:2005,
  author =	{A.~C. Hindmarsh and P.~N. Brown and K.~E. Grant
		 and S.~L. Lee and R. Serban and D.~E. Shumaker
		 and C.~S. Woodward},
  title =	{{SUNDIALS}: Suite of Nonlinear and Differential/Algebraic
		 Equation Solvers},
  journal =	{ACM Transactions on Mathematical Software},
  year =	2005,
  volume =	31,
  number =	3,
  pages =	{363--396},
  month =	sep,
  url = {https://computation.llnl.gov/casc/nsde/pubs/toms_sundials.pdf},
}

@book{DahlquistBjo08,
  author =	{G. Dahlquist and {\AA}. Bj{\"{o}}rck},
  title =	{Numerical Methods in Scientific Computing: Volume 1},
  publisher =	{SIAM},
  year =	2008,
  url =		{http://bookstore.siam.org/ot103/},
}

@InProceedings{lucy:cc2015,
  author = 	 {T. Bourke and J.-L. Cola\c{c}o and B. Pagano and
                  C. Pasteur and M. Pouzet},
  title = 	 {A Synchronous-based Code Generator For Explicit
                  Hybrid Systems Languages},
  booktitle = 	 {International Conference on Compiler Construction (CC)},
  month = 	 apr,
  address = {London, UK},
  series = {LNCS},
  organisation = {ETAPS},
  year = 	 2015,
  url = {../papers.html#CC2015},
}

@InProceedings{MalerMannaPnueli:hybrid92,
  author =	 {O. Maler and Z. Manna and A. Pnueli},
  title =	 {From Timed to Hybrid Systems},
  booktitle = {Real-Time: Theory in Practice},
  year =	 1992,
  volume =	 600,
  series =	 {LNCS},
  pages =	 {447--484},
  publisher = {Springer},
  url = {http://www-verimag.imag.fr/PEOPLE/Oded.Maler/Papers/mmp.pdf}
}

@book{ShampineGlaTho:ODEsMatlab:2003,
	author = {L.~F. Shampine and I. Gladwell and S. Thompson},
	publisher = {Cambridge University Press},
	title = {Solving {ODEs} with {Matlab}},
	year = 2003,
	url = {http://dx.doi.org/10.1017/CBO9780511615542}
}


@inproceedings{BourkeSow:SYNCHRON:2009,
  author =	{Timothy Bourke and Arcot Sowmya},
  title =	{Delays in {Esterel}},
  crossref =	{SYNCHRON09},
  pages =	{55--84},
}

@proceedings{SYNCHRON09,
    author =	{Albert Benveniste and Stephen A. Edwards and Edward Lee
		 and Klaus Schneider and Reinhard von Hanxleden},
    title =	{09481 Abstracts Collection -- SYNCHRON 2009},
    booktitle = {16th Open International Workshop on Synchrononous
		 Programming (SYNCHRON 2009)},
    year =	2010,
    editor =	{Albert Benveniste and Stephen A. Edwards and Edward Lee
		 and Klaus Schneider and Reinhard von Hanxleden},
    number =	09481,
    series =	{Dagstuhl Seminar Proceedings},
    ISSN =	{1862-4405},
    publisher = {Schloss Dagstuhl - Leibniz-Zentrum f{\"{u}}r Informatik, Germany},
    address =	{Dagstuhl, Germany},
    URL =	{http://drops.dagstuhl.de/opus/volltexte/2010/2434},
}

